
@book{Hinzberg.2015,
 shorthand = {Hinzberg 2015},
 author = {Hinzberg, Holger},
 year = {2015},
 title = {Einf{\"u}hrung in Swift: [mit Referenzkarte zum Herausnehmen]},
 edition = {1. Aufl.},
 publisher = {mitp},
 isbn = {978-3-8266-9675-6}
}

@misc{GoLangSpec,
shorthand = {GolangSpec},
url={https://golang.org/ref/spec},
urldate={2017-3-15},
journal={Golang.org},
year={2017}
}

@book{Donovan.2016,
 shorthand= {Donovan+2016},
 author = {Donovan, Alan A. A. and Kernighan, Brian W.},
 year = {2016},
 title = {The Go programming language},
 publisher = {Addison-Wesley},
 isbn = {978-0-13-419044-0},
 language = {eng},
 location = {New York},
 series = {Addison-Wesley professional computing series},
 pagetotal = {380},
 note = {Kernighan, Brian W. (VerfasserIn)},
 file = {http://gso.gbv.de/DB=2.1/PPNSET?PPN=819621404}
}

@book{Kennedy.2016,
 shorthand = {Kennedy+2016},
 author = {Kennedy, William and Ketelsen, Brian and {Saint Martin}, Erik},
 year = {2016},
 title = {Go in action},
 url = {http://proquest.tech.safaribooksonline.de/9781617291784},
 publisher = {{Manning Publications}},
 isbn = {9781617291784},
 language = {eng},
 location = {Shelter Island, NY},
}

@book{Apple.2017,
 shorthand = {Apple 2017},
 year = {2017},
 title = {The Swift Programming Language, EBook},
 url = {https://itunes.apple.com/de/book/the-swift-programming-language-swift-3-0-1/id881256329?mt=11},
 urldate={2017-04-12},
}

@book{Mathias.2016,
 shorthand = {Mathias 2016},
 author = {Mathias, Matthew and Gallagher, John},
 year = {2016},
 title = {Swift Programming: The Big Nerd Ranch Guide, 2/e (Big Nerd Ranch Guides)},
 edition = {1},
 publisher = {{Big Nerd Ranch Guides}},
 isbn = {978-0134689654},
 language = {English},
 pagetotal = {480}
}

@book{Lahres.2011,
 shorthand = {Lahres+2011},
 author = {Lahres, Bernhard and Ra{\'y}man, Gregor},
 year = {2011},
 title = {Objektorientierte Programmierung},
 edition = {2., aktualisierte u. erw. Aufl., korr. Nachdr, E-Book},
 publisher = {{Galileo Press}},
 isbn = {978-3-8362-1401-8},
 subtitle = {Das umfassende Handbuch ; [objektorientierte Programmierung verst{\"a}ndlich erkl{\"a}rt ; von den Prinzipien {\"u}ber den Entwurf bis zur Umsetzung ; Praxisbeispiele in UML, Java, C{\#}, C++, JavaScript, Ruby, Python und PHP]},
 language = {ger},
 location = {Bonn},
 series = {Galileo computing},
 pagetotal = {656},
 note = {Ra{\'y}man, Gregor (VerfasserIn)},
}

@book{PoetzschHeffter.2009,
 shorthand = {Poetzsch-Heffter 2009},
 author = {Poetzsch-Heffter, Arnd},
 year = {2009},
 title = {Konzepte objektorientierter Programmierung},
 url = {http://site.ebrary.com/lib/alltitles/docDetail.action?docID=10279537},
 edition = {2., {\"u}berarb. Aufl., E-Book},
 publisher = {{Springer Berlin Heidelberg}},
 isbn = {978-3-540-89471-1},
 subtitle = {Mit einer Einf{\"u}hrung in Java},
 language = {ger},
 location = {Berlin, Heidelberg},
 series = {eXamen.press},
}

@book{Oestereich.1999,
 shorthand = {Oestereich 1999},
 author = {Oestereich, Bernd},
 year = {1999},
 title = {Objektorientierte Softwareentwicklung},
 edition = {4., aktualisierte Aufl., 1. korr. Nachdr},
 publisher = {Oldenbourg},
 isbn = {3486247875},
 subtitle = {Analyse und Design mit der Unified Modeling Language},
 language = {ger},
 location = {M{\"u}nchen},
 pagetotal = {375},
}

@online{WilliamKennedy.2013,
 shorthand = {Kennedy 2013},
 author = {{William Kennedy}},
 year = {2013},
 title = {Object Oriented Programming in Go},
 url = {https://www.goinggo.net/2013/07/object-oriented-programming-in-go.html},
 urldate = {2017-04-18},
 abstract = {}
}






















